% Encoding: UTF-8

@Article{Abowd:JPC:2017,
  author   = {John M. Abowd},
  title    = {How Will Statistical Agencies Operate When All Data Are Private?},
  journal  = {Journal of Privacy and Confidentiality},
  year     = {2017},
  volume   = {7},
  number   = {3},
  note     = {Published version of Abowd:LDI:2016:30},
  doi      = {10.29012/jpc.v7i3.404},
  keywords = {Official Statistics, primary},
  url      = {https://journalprivacyconfidentiality.org/index.php/jpc/article/view/404},
}

@Comment{jabref-meta: databaseType:bibtex;}
